<?xml version="1.0" encoding="UTF-8"?><record xmlns="http://www.loc.gov/MARC21/slim" xmlns:cinclude="http://apache.org/cocoon/include/1.0" xmlns:zs="http://www.loc.gov/zing/srw/">
  <leader>00393nz  a2200145n  4500</leader>
  <controlfield tag="001">no2006104204</controlfield>
  <controlfield tag="003">DLC</controlfield>
  <controlfield tag="005">20061004075752.0</controlfield>
  <controlfield tag="008">061002n| acannaabn          |a aaa     c</controlfield>
  <datafield tag="010" ind1=" " ind2=" ">
    <subfield code="a">no2006104204</subfield>
  </datafield>
  <datafield tag="035" ind1=" " ind2=" ">
    <subfield code="a">(OCoLC)oca07067676</subfield>
  </datafield>
  <datafield tag="040" ind1=" " ind2=" ">
    <subfield code="a">NJQ</subfield>
    <subfield code="b">eng</subfield>
    <subfield code="c">NJQ</subfield>
  </datafield>
  <datafield tag="100" ind1="1" ind2=" ">
    <subfield code="a">De Carlo, Andrea,</subfield>
    <subfield code="d">1952-</subfield>
    <subfield code="t">Due di due.</subfield>
    <subfield code="l">Albanian</subfield>
  </datafield>
  <datafield tag="400" ind1="1" ind2=" ">
    <subfield code="a">De Carlo, Andrea,</subfield>
    <subfield code="d">1952-</subfield>
    <subfield code="t">Dy nga dy</subfield>
  </datafield>
  <datafield tag="670" ind1=" " ind2=" ">
    <subfield code="a">Dy nga dy, c2005.</subfield>
  </datafield>
</record>